d% [Definition of Basic Block]
@book{Muc97,
  author       = {Muchnick, S.},
  title        = {{Advanced Compiler Design and Implementation}},
  publisher    = {Harcourt},
  year         = {1997},
}

% [Definition of Control Flow Graph]
@inproceedings{All70,
  author       = {Allen, F. E.},
  title        = {{Control Flow Analysis}},
  booktitle    = {ACM Sigplan Notices},
  volume       = {5},
  number       = {7},
  pages        = {1--19},
  organization = {ACM},
  year         = {1970},
}

% Program Slicing
@inproceedings{Wei81,
  author       = {Weiser, M.},
  title        = {{Program Slicing}},
  booktitle    = {Proceedings of the 5th international conference on Software
                  engineering},
  pages        = {439--449},
  year         = {1981},
  organization = {IEEE Press}
}

% (Program Slicing survey)
@article{Tip95,
  author       = {Tip, F.},
  title        = {{A Survey of Program Slicing Techniques}},
  journal      = {Journal of programming languages},
  volume       = {3},
  number       = {3},
  pages        = {121--189},
  year         = {1995}
}

% [Definition of Intra- and Interprocedural Slicing]
@inproceedings{HRB88,
  author      = {Horwitz, S. and Reps, T. and Binkley, D.},
  title       = {Interprocedural Slicing Using Dependence Graphs},
  booktitle   = {Proceedings of the ACM SIGPLAN 1988 Conference on Programming
                  Language Design and Implementation},
  year         = {1988},
  pages        = {35--46},
  publisher    = {ACM},
}
	      

@article{HRB90,
  author       = {Horwitz, S. and Reps, T. and Binkley, D.},
  title        = {{Interprocedural Slicing using Dependence Graphs}},
  journal      = {ACM Transactions on Programming Languages and Systems
                  (TOPLAS)},
  volume       = {12},
  number       = {1},
  pages        = {26--60},
  year         = {1990},
  publisher    = {ACM}
}

% Program Slicing and Unstructured Programs
@book{BH93,
  author       = {Ball, T. and Horwitz, S.},
  title        = {{Slicing Programs with Arbitrary Control-Flow}},
  year         = {1993},
  publisher    = {Springer}
}

@article{CF94,
  author       = {Choi, J.-D. and Ferrante, J.},
  title        = {{Static Slicing in the Presence of Goto Statements}},
  journal      = {ACM Transactions on Programming Languages and Systems
                  (TOPLAS)},
  volume       = {16},
  number       = {4},
  pages        = {1097--1113},
  year         = {1994},
  publisher    = {ACM}
}

@inproceedings{Agr94,
  author       = {Agrawal, H.},
  title        = {{On Slicing Programs with Jump Statements}},
  booktitle    = {ACM Sigplan Notices},
  volume       = {29},
  number       = {6},
  pages        = {302--312},
  year         = {1994},
  organization = {ACM}
}

% Intraprocedural Slicing of Binary Executables
@inproceedings{CF97,
  author       = {Cifuentes, C. and Fraboulet, A.},
  title        = {{Intraprocedural Static Slicing of Binary Executables}},
  booktitle    = {Software Maintenance, 1997. Proceedings., International
                  Conference on},
  pages        = {188--195},
  year         = {1997},
  organization = {IEEE}
}

% [Definition of Use-Definition Chains]
@book{ASU86,
  author       = {Aho, A. V. and Sethi, R. and Ullman, J. D.},
  title        = {{Compilers: Principles, Techniques, and Tools}},
  year         = {1986},
  publisher    = {Addison Wesley}
}
	

% (Interprocedural Slicing of Binary Executables)
@inproceedings{KJL03,
  author       = {Kiss, A. and Jasz, J. and Lehotai, G. and Gyimothy, T.},
  title        = {{Interprocedural Static Slicing of Binary Executables}},
  booktitle    = {Source Code Analysis and Manipulation,
                  2003. Proceedings. Third IEEE International Workshop on},
  pages        = {118--127},
  year         = {2003},
  organization = {IEEE}
}

%%%

% Timing Analysis with Program Slicing
@inproceedings{CB13,
  author       = {Cassez, F. and Bechennec, J.-L.},
  title        = {{Timing Analysis of Binary Programs with UPPAAL}},
  booktitle    = {2013 13th International Conference on Application of
                  Concurrency to System Design (ACSD)},
  pages        = {41--50},
  year         = {2013},
  organization = {IEEE}
}

% OTAWA
@incollection{BCR10,
  author       = {Ballabriga, C. and Cass√©, H. and Rochange, C.  and Sainrat,
                  P.},
  title        = {{OTAWA: An Open Toolbox for Adaptive WCET Analysis}},
  booktitle    = {Software Technologies for Embedded and Ubiquitous Systems -
                  8th {IFIP} {WG} 10.2 International Workshop, {SEUS} 2010,
                  Waidhofen/Ybbs, Austria, October 13-15, 2010. Proceedings},
  pages        = {35--46},
  year         = {2010},
  publisher    = {Springer},
}