%% Introduction / Travaux connexes %%
% Cassez
@inproceedings{CB13,
  title        = {{Timing Analysis of Binary Programs with UPPAAL}},
  author       = {Cassez, Franck and Bechennec, Jean-Luc},
  booktitle    = {2013 13th International Conference on Application of Concurrency to
                  System Design (ACSD)},
  pages        = {41--50},
  year         = {2013},
  organization = {IEEE}
}

%% Aspects théoriques %%
% Interprocedural Program Slicing
@inproceedings{KJL03,
  author       = {Kiss, Akos and J{\'a}sz, Judit and Lehotai, G{\'a}bor and
                  Gyim{\'o}thy, Tibor},
  title        = {{Interprocedural Static Slicing of Binary Executables}},
  booktitle    = {Source Code Analysis and Manipulation,
                  2003. Proceedings. Third IEEE International Workshop on},
  pages        = {118--127},
  year         = {2003},
  organization = {IEEE}
}

%% Implémentation %%
% LEMON
@ARTICLE{DJK11,
  title        = {{LEMON -- an Open Source C++ Graph Template Library}},
  author       = {Dezs{\H{o}}, Bal{\'a}zs and J{\"u}ttner, Alp{\'a}r and
                  Kov{\'a}cs, P{\'e}ter},
  journal      = {Electronic Notes in Theoretical Computer Science},
  volume       = {264},
  number       = {5},
  pages        = {23--45},
  year         = {2011},
  publisher    = {Elsevier}
}
		
% Harmless
@article{KBB12,
  author       = {Kassem, Rola and Briday, Mikaël and Béchennec,
                  Jean-Luc and Savaton, Guillaume and Trinquet, Yvon},
  title        = {Harmless, a Hardware Architecture Description Language
                  Dedicated to Real-Time Embedded System Simulation},
  journal      = {Journal of Systems Architecture},
  volume       = {58},
  number       = {8},
  pages        = {318-337},
  year         = {2012},
  month        = sep,
}
