%% Introduction / Travaux connexes %%
% METAMOC
@inproceedings{DOT10,
  author       = {Dalsgaard, Andreas E. and Olesen, Mads C. and Toft, Martin and
                  Hansen, René R. and Larsen, Kim G.},
  title        = {{METAMOC: Modular Execution Time Analysis using Model Checking}},
  booktitle    = {10th International Workshop on Worst-Case Execution
                  Time Analysis, {WCET} 2010, July 6, 2010, Brussels,
                  Belgium},
  pages        = {113--123},
  year         = {2010},
}

% Cassez
@inproceedings{CB13,
  title        = {{Timing Analysis of Binary Programs with UPPAAL}},
  author       = {Cassez, Franck and Bechennec, Jean-Luc},
  booktitle    = {2013 13th International Conference on Application of Concurrency to
                  System Design (ACSD)},
  pages        = {41--50},
  year         = {2013},
  organization = {IEEE}
}

% Why AI+ ILP
@inproceedings{Wil04,
  author       = {Wilhelm, Reinhard},
  title        = {{Why AI + ILP is Good for WCET, but MC is not, nor ILP alone}},
  booktitle    = {VMCAI 2004},
  volume       = {2937},
  series       = {LNCS},
  pages        = {309--322},
  organization = {Springer},
  year         = {2004},
}

%% Aspects théoriques %%
% Program Slicing
@inproceedings{Wei81,
  author       = {Weiser, Mark},
  title        = {{Program Slicing}},
  booktitle    = {Proceedings of the 5th international conference on Software
                  engineering},
  pages        = {439--449},
  year         = {1981},
  organization = {IEEE Press}
}

@article{Tip95,
  author       = {Tip, Frank},
  title        = {{A Survey of Program Slicing Techniques}},
  journal      = {Journal of programming languages},
  volume       = {3},
  number       = {3},
  pages        = {121--189},
  year         = {1995}
}

% Interprocedural slicing
@inproceedings{KJL03,
  author       = {Kiss, Akos and J{\'a}sz, Judit and Lehotai, G{\'a}bor and
                  Gyim{\'o}thy, Tibor},
  title        = {{Interprocedural Static Slicing of Binary Executables}},
  booktitle    = {Source Code Analysis and Manipulation,
                  2003. Proceedings. Third IEEE International Workshop on},
  pages        = {118--127},
  year         = {2003},
  organization = {IEEE}
}

%% Implémentation %%
% LEMON
@ARTICLE{DJK11,
  title        = {{LEMON -- an Open Source C++ Graph Template Library}},
  author       = {Dezs{\H{o}}, Bal{\'a}zs and J{\"u}ttner, Alp{\'a}r and
                  Kov{\'a}cs, P{\'e}ter},
  journal      = {Electronic Notes in Theoretical Computer Science},
  volume       = {264},
  number       = {5},
  pages        = {23--45},
  year         = {2011},
  publisher    = {Elsevier}
}
		
% Harmless
@article{KBB12,
  author       = {Kassem, Rola and Briday, Mikaël and Béchennec,
                  Jean-Luc and Savaton, Guillaume and Trinquet, Yvon},
  title        = {Harmless, a Hardware Architecture Description Language
                  Dedicated to Real-Time Embedded System Simulation},
  journal      = {Journal of Systems Architecture},
  volume       = {58},
  number       = {8},
  pages        = {318-337},
  year         = {2012},
  month        = sep,
}

@article{AD94,
  title        = {A Theory of Timed Automata},
  author       = {Alur, Rajeev and Dill, David L.},
  year         = {1994},
  journal      = {Theoretical Computer Science},
  volume       = {126},
  number       = {2},
  pages        = {183--235}
}

% UPPAAL
@article{LPY97,
  author       = {Larsen, Kim G. and Pettersson, Paul and Yi, Wang},
  title        = {{UPPAAL in a Nutshell}},
  journal      = {STTT},
  volume       = {1},
  number       = {1-2},
  pages        = {134-152},
  year         = {1997},
}

%% Résultats experimentaux %%
% Mälardalen
@INPROCEEDINGS{GBA10,
  author       = {Gustafsson, Jan and Betts, Adam and Ermedahl, Andreas and Lisper, Björn},
  title        = {The {Mälardalen} {WCET} Benchmarks -- Past, Present and Future},
  booktitle    = {WCET2010},
  editor       = {Björn Lisper},
  pages        = {137--147},
  year         = {2010},
  month        = jul,
}
