%%% Motivations %%%

% Why MC
@inproceedings{Met04,
  author       = {Metzner, Alexander},
  title        = {{Why Model Checking can improve WCET analysis}},
  booktitle    = {Computer Aided Verification, 16th International
                  Conference, {CAV} 2004, Boston, MA, USA, July 13-17,
                  2004, Proceedings},
  pages        = {334--347},
  year         = {2004},
}

% Why AI+ ILP
@inproceedings{Wil04,
  author       = {Wilhelm, Reinhard},
  title        = {{Why AI + ILP is Good for WCET, but MC is not, nor ILP alone}},
  booktitle    = {VMCAI 2004},
  volume       = {2937},
  series       = {LNCS},
  pages        = {309--322},
  organization = {Springer},
  year         = {2004},
}

% AbsInt
@inproceedings{HF04,
  author    = {Heckmann, Reinhold and Ferdinand, Christian},
  title     = {Worst-case execution time prediction by static program analysis},
  booktitle = {In 18th International Parallel and Distributed Processing
                  Symposium (IPDPS 2004, pages 26--30. IEEE Computer Society},
  year      = {2004}
}

% Mälardalen
@inproceedings{GBA10,
  author       = {Gustafsson, Jan and Betts, Adam and Ermedahl, Andreas and Lisper, Björn},
  title        = {The {Mälardalen} {WCET} Benchmarks -- Past, Present and Future},
  booktitle    = {WCET2010},
  editor       = {Björn Lisper},
  pages        = {137--147},
  year         = {2010},
  month        = jul,
}

%%% Travaux connexes %%%

% Insight
@inproceedings{FLP15,
  author       = {Emmanuel Fleury and Olivier Ly and G{\'{e}}rald Point and
                  Aymeric Vincent},
  title        = {Insight: An Open Binary Analysis Framework},
  booktitle    = {Tools and Algorithms for the Construction and Analysis of
                  Systems - 21st International Conference, {TACAS} 2015, Held as
                  Part of the European Joint Conferences on Theory and Practice
                  of Software, {ETAPS} 2015, London, UK, April 11-18,
                  2015. Proceedings},
  pages        = {218--224},
  year         = {2015},
}

% Theiling CFG
@inproceedings{The00,
  author       = {Henrik Theiling},
  title        = {{Extracting Safe and Precise Control Flow from Binaries}},
  booktitle    = {7th International Workshop on Real-Time Computing and
                  Applications Symposium {(RTCSA} 2000), 12-14 December 2000,
                  Cheju Island, South Korea},
  pages        = {23--30},
  year         = {2000},
}

% EEL
@inproceedings{LS95,
  author       = {Larus, James R. and Schnarr, Eric},
  title        = {{EEL: Machine-Independent Executable Editing}},
  booktitle    = {Proceedings of the {ACM} SIGPLAN'95 Conference on Programming
                  Language Design and Implementation (PLDI), La Jolla,
                  California, USA, June 18-21, 1995},
  pages        = {291--300},
  year         = {1995},
}

% <base>
@inproceedings{CB13,
  title        = {{Timing Analysis of Binary Programs with UPPAAL}},
  author       = {Cassez, Franck and Bechennec, Jean-Luc},
  booktitle    = {2013 13th International Conference on Application of Concurrency to
                  System Design (ACSD)},
  pages        = {41--50},
  year         = {2013},
  organization = {IEEE}
}

%%% Méthodologie %%%

% UPPAAL
@article{LPY97,
  author       = {Larsen, Kim G. and Pettersson, Paul and Yi, Wang},
  title        = {{UPPAAL in a Nutshell}},
  journal      = {STTT},
  volume       = {1},
  number       = {1-2},
  pages        = {134-152},
  year         = {1997},
}

% CTS
@article{JLR14,
  author       = {Jard, Claude and Lime, Didier and  Roux, Olivier H.},
  title        = {{Blending Timed Formal Models with Clock Transition Systems}},
  journal      = {Fundamenta Informaticae},
  publisher    = {IOS Press},
  volume       = {129},
  number       = {1-2},
  pages        = {85--100},
  year         = 2014,
}

% Roméo
@inproceedings{GLM05,
  author       = {Gardey, Guillaume and Lime, Didier and Magnin, Morgan and Roux, Olivier H.},
  title        = {{Romeo: A Tool for Analyzing time Petri nets}},
  booktitle    = {17th International Conference on Computer Aided Verification (CAV 2005)},
  editor       = {Etessami, Kousha and Rajamani, Sriram K.},
  volume       = {3576},
  series       = {Lecture Notes in Computer Science},
  pages        = {418--423},
  address      = {Edinburgh, Scotland, UK},
  year         = {2005},
  month        = jul,
  publisher    = {Springer-Verlag},
}

% Harmless
@article{KBB12,
  author       = {Kassem, Rola and Briday, Mikaël and Béchennec,
                  Jean-Luc and Savaton, Guillaume and Trinquet, Yvon},
  title        = {Harmless, a Hardware Architecture Description Language
                  Dedicated to Real-Time Embedded System Simulation},
  journal      = {Journal of Systems Architecture},
  volume       = {58},
  number       = {8},
  pages        = {318-337},
  year         = {2012},
  month        = sep,
}

% Haskell
@misc{Mar10,
  author       = {Marlow, Simon},
  title        = {Haskell 2010 Language Report},
  year         = {2010}
}

% Hoopl
@inproceedings{RDP10,
  author       = {Ramsey, Norman and Dias, Joao and Peyton Jones, Simon},
  title        = {{Hoopl: a modular, reusable library for dataflow analysis and
                  transformation}},
  booktitle    = {Proceedings of the 3rd {ACM} {SIGPLAN} Symposium on Haskell,
                  Haskell 2010, Baltimore, MD, USA, 30 September 2010},
  pages        = {121--134},
  year         = {2010},
}

% Program Slicing
@inproceedings{Wei81,
  author       = {Weiser, Mark},
  title        = {{Program Slicing}},
  booktitle    = {Proceedings of the 5th international conference on Software
                  engineering},
  pages        = {439--449},
  year         = {1981},
  organization = {IEEE Press}
}

% Survey on program slicing
@article{Tip95,
  author       = {Tip, Frank},
  title        = {{A Survey of Program Slicing Techniques}},
  journal      = {Journal of programming languages},
  volume       = {3},
  number       = {3},
  pages        = {121--189},
  year         = {1995}
}

% Intra vs. Inter
@article{HRB90,
  author       = {Horwitz, Susan and Reps, Thomas and Binkley, David},
  title        = {{Interprocedural Slicing using Dependence Graphs}},
  journal      = {ACM Transactions on Programming Languages and Systems (TOPLAS)},
  volume       = {12},
  number       = {1},
  pages        = {26--60},
  year         = {1990},
  publisher    = {ACM}
}

% Intraprocedural slicing (of binary executables)
@inproceedings{CF97,
  author       = {Cifuentes, Cristina and Fraboulet, Antoine},
  title        = {{Intraprocedural Static Slicing of Binary Executables}},
  booktitle    = {Software Maintenance, 1997. Proceedings., International
                  Conference on},
  pages        = {188--195},
  year         = {1997},
  organization = {IEEE}
}

% (BB definition)
@book{Muc97,
  author       = {Muchnick, Steven},
  title        = {{Advanced Compiler Design and Implementation}},
  publisher    = {Harcourt},
  year         = {1997},
}

% (CFG definition)
@inproceedings{All70,
  author       = {Allen, Frances E},
  title        = {{Control flow analysis}},
  booktitle    = {ACM Sigplan Notices},
  volume       = {5},
  number       = {7},
  pages        = {1--19},
  organization = {ACM},
  year         = {1970},
}

% Interprocedural slicing (of binary executables)
@inproceedings{KJL03,
  author       = {Kiss, Akos and J{\'a}sz, Judit and Lehotai, G{\'a}bor and
                  Gyim{\'o}thy, Tibor},
  title        = {{Interprocedural Static Slicing of Binary Executables}},
  booktitle    = {Source Code Analysis and Manipulation,
                  2003. Proceedings. Third IEEE International Workshop on},
  pages        = {118--127},
  year         = {2003},
  organization = {IEEE}
}

@inproceedings{Agr94,
  title        = {{On Slicing Programs with Jump Statements}},
  author       = {Agrawal, Hiralal},
  booktitle    = {Proceedings of the {ACM} SIGPLAN'94 Conference on Programming
                  Language Design and Implementation (PLDI), Orlando, Florida,
                  USA, June 20-24, 199},
  pages        = {302--312},
  year         = {1994},
}

@article{CF94,
  title        = {Static slicing in the presence of goto statements},
  author       = {Choi, Jong-Deok and Ferrante, Jeanne},
  journal      = {ACM Transactions on Programming Languages and Systems (TOPLAS)},
  volume       = {16},
  number       = {4},
  pages        = {1097--1113},
  year         = {1994},
  publisher    = {ACM}
}

@book{BH93,
  title        = {Slicing programs with arbitrary control-flow},
  author       = {Ball, Thomas and Horwitz, Susan},
  year         = {1993},
  publisher    = {Springer}
}
	

%%% Perspectives %%%

% METAMOC
@inproceedings{DOT10,
  author       = {Dalsgaard, Andreas E. and Olesen, Mads C. and Toft, Martin and
                  Hansen, René R. and Larsen, Kim G.},
  title        = {{METAMOC: Modular Execution Time Analysis using Model Checking}},
  booktitle    = {10th International Workshop on Worst-Case Execution
                  Time Analysis, {WCET} 2010, July 6, 2010, Brussels,
                  Belgium},
  pages        = {113--123},
  year         = {2010},
}

%%% Pas cité %%%

% Combining AI and MC
@inproceedings{LYG10,
  author       = {Lv, Mingsong and Yi, Wang and Guan, Nan and Yu, Ge},
  title        = {{Combining Abstract Interpretation with Model
                  Checking for Timing Analysis of Multicore Software}},
  booktitle    = {Proceedings of the 31st {IEEE} Real-Time Systems
                  Symposium, {RTSS} 2010, San Diego, California, USA,
                  November 30 - December 3, 2010},
  pages        = {339--349},
  organization = {IEEE},
  year         = {2010},
}

% OTAWA
@incollection{BCR10,
  author       = {Ballabriga, Clément and Cassé, Hugues and Rochange,
                  Christine and Sainrat, Pascal},
  title        = {{OTAWA: An Open Toolbox for Adaptive Wcet Analysis}},
  booktitle    = {Software Technologies for Embedded and Ubiquitous
                  Systems - 8th {IFIP} {WG} 10.2 International
                  Workshop, {SEUS} 2010, Waidhofen/Ybbs, Austria,
                  October 13-15, 2010. Proceedings},
  pages        = {35--46},
  year         = {2010},
  publisher    = {Springer},
}

% Heptane
@inproceedings{CP01,
  author       = {Colin, Antoine and Puaut, Isabelle},
  title        = {{A Modular \& Retargetable Framework for Tree-based
                  WCET Analysis}},
  booktitle    = {13th Euromicro Conference on Real-Time Systems
                  {(ECRTS} 2001), 13-15 June 2001, Delft, The
                  Netherlands, Proceedings},
  pages        = {37--44},
  year         = {2001},
}
