
@inproceedings{Cassez:2013,
  author    = {Cassez, Franck and Béchennec, Jean-Luc},
  booktitle = {{International Conference on Application of Concurrency to System Design}},
  title     = {{Timing Analysis of Binary Programs with UPPAAL}},
  year      = {2013}}

@inproceedings{Mangean:2016,
  author    = {Mangean, Armel and Béchennec, Jean-Luc and Briday, Mikaël and Faucou, Sébastien},
  booktitle = {{16th International Workshop on Worst-Case Execution Time Analysis}},
  title     = {{BEST: a Binary Executable Slicing Tool}},
  year      = {2016}}

%%%%%%%%%%%%%%%%%%%%%%%%%

@InProceedings{Wilhelm:2004,
  author       = {Wilhelm, Reinhard},
  booktitle    = {{5th International Conference on Verification, Model Checking, and Abstract Interpretation}},
  title        = {{Why AI + ILP Is Good for WCET, but MC Is Not, Nor ILP Alone}},
  year         = {2004}}

@InProceedings{Metzner:2004,
  author       = {Metzner, Alexander},
  booktitle    = {{16th International Conference on Computer Aided Verification}},
  title        = {{Why Model Checking Can Improve WCET Analysis}},
  year         = {2004}}

@inproceedings{Gustafsson:2010,
  author     = {Gustafsson, Jan and Betts, Adam and Ermedahl, Andreas and Lisper, Björn},
  booktitle  = {International Workshop on Worst-Case Execution Time Analysis (WCET)},
  title      = {{The Mälardalen WCET Benchmarks -- Past, Present and Future}},
  year       = {2010}}

@article{Larsen:1997,
  author       = {Larsen, Kim and Pettersson, Paul and Yi, Wang},
  journal      = {{STTT}},
  title        = {{UPPAAL in a Nutshell}},
  year         = {1997}
}

%%%%%%%%%%%%%%%%%%%%%%%%%

@inproceedings{Wei81,
  author    = {Weiser, Mark},
  booktitle = {International Conference on Software Engineering},
  title     = {{Program Slicing}},
  year      = {1981}}

