
@inproceedings{VECoS17,
  author    = {Mangean, Armel and Béchennec, Jean-Luc and Briday, Mikaël and
               Faucou, Sébastien},
  title     = {{WCET Analysis by Model Checking for a Processor with Dynamic
               Branch Prediction}},
  booktitle = {11th International Conference on Verification and Evaluation of
               Computer and Communication Systems ({VECoS} 2017), Montreal, QC,
               Canada, Proceedings},
  pages     = {64--78},
  year      = {2017},
}

