% Encoding: UTF-8

@InProceedings{Langenbach2002,
  author       = {Marc Langenbach and Stephan Thesing and Reinhold Heckmann},
  title        = {{Pipeline Modeling for Timing Analysis}},
  booktitle    = {9th International Symposium on Static Analysis, {SAS}},
  year         = {2002},
  pages        = {294--309},
}

@Manual{e200z4Man,
  title        = {{e200z4 Power Architecture\textsuperscript{TM} Core Reference Manual}},
  organization = {Freescale semiconductors / NXP},
  edition      = {Rev. 0},
  month        = {october},
  year         = {2009},
}

@Manual{mpc5643lrefMan,
  title        = {{MPC5643L Microcontroller Reference Manual}},
  organization = {Freescale semiconductors / NXP},
  edition      = {Rev. 10},
  month        = {june},
  year         = {2013},
}

@InProceedings{Engblom2003,
  author       = {Jakob Engblom},
  title        = {{Analysis of the Execution Time Unpredictability caused by Dynamic Branch Prediction}},
  booktitle    = {9th {IEEE} Real-Time and Embedded Technology and Applications Symposium, {RTAS}},
  year         = {2003},
  pages        = {152--159},
}

@InProceedings{Maiza2011,
  author       = {Claire Maiza and Christine Rochange},
  title        = {{A framework for the timing analysis of dynamic branch predictors}},
  booktitle    = {19th International Conference on Real-Time and Network Systems, {RTNS}},
  year         = {2011},
  pages        = {65--74},
}

@InProceedings{Bate2004,
  author       = {Iain Bate and Ralf Dieter Reutemann},
  title        = {{Worst-Case Execution Time Analysis for Dynamic Branch Predictors}},
  booktitle    = {16th Euromicro Conference on Real-Time Systems, {ECRTS}},
  year         = {2004},
  pages        = {215--222},
}

@InProceedings{Dalsgaard2010,
  author       = {Andreas Engelbredt Dalsgaard and Mads Chr. Olesen and Martin Toft and Ren{\'{e}} Rydhof Hansen and Kim Guldstrand Larsen},
  title        = {{{METAMOC:} Modular Execution Time Analysis using Model Checking}},
  booktitle    = {10th International Workshop on Worst-Case Execution Time Analysis, {WCET}},
  year         = {2010},
  pages        = {113--123},
}

@InProceedings{Cassez2013,
  author       = {Franck Cassez and Jean{-}Luc B{\'{e}}chennec},
  title        = {{Timing Analysis of Binary Programs with {UPPAAL}}},
  booktitle    = {13th International Conference on Application of Concurrency to System Design, {ACSD}},
  year         = {2013},
  pages        = {41--50},
}

@InProceedings{wcet16_mangean,
  author       = {Armel Mangean and Jean-Luc B{\'e}chennec and Mika{\"e}l Briday and S{\'e}bastien Faucou},
  title        = {{BEST: a Binary Executable Slicing Tool}},
  booktitle    = {16th International Workshop on Worst-Case Execution Time Analysis, {WCET}},
  year         = {2016},
  pages        = {7:1--7:10},
}

@InProceedings{Wilhelm2004,
  author       = {Wilhelm, Reinhard},
  title        = {{Why AI + ILP Is Good for WCET, but MC Is Not, Nor ILP Alone}},
  booktitle    = {5th International Conference on Verification, Model Checking, and Abstract Interpretation, {VMCAI}},
  year         = {2004},
  pages        = {309--322},
}

@Article{Grund2011625,
  author       = {Daniel Grund and Jan Reineke and Gernot Gebhard},
  title        = {{Branch target buffers: {WCET} analysis framework and timing predictability}},
  journal      = {Journal of Systems Architecture},
  year         = {2011},
  volume       = {57},
  number       = {6},
  pages        = {625 - 637},
}

@InProceedings{Metzner2004,
  author       = {Metzner, Alexander},
  title        = {{Why Model Checking Can Improve WCET Analysis}},
  booktitle    = {16th International Conference on Computer Aided Verification, {CAV}},
  year         = {2004},
  pages        = {334--347},
}

@Article{Wilhelm2008,
  author       = {Reinhard Wilhelm and Jakob Engblom and Andreas Ermedahl and Niklas Holsti and Stephan Thesing and David B. Whalley and Guillem Bernat and Christian Ferdinand and Reinhold Heckmann and Tulika Mitra and Frank Mueller and Isabelle Puaut and Peter P. Puschner and Jan Staschulat and Per Stenstr{\"{o}}m},
  title        = {{The worst-case execution-time problem - overview of methods and survey of tools}},
  journal      = {{ACM} Trans. Embedded Comput. Syst.},
  year         = {2008},
  volume       = {7},
  number       = {3},
  pages        = {36:1--36:53},
}

@Article{Colin2000,
  author       = {Antoine Colin and Isabelle Puaut},
  title        = {{Worst Case Execution Time Analysis for a Processor with Branch Prediction}},
  journal      = {Real-Time Systems},
  year         = {2000},
  volume       = {18},
  number       = {2/3},
  pages        = {249--274},
}

@InProceedings{Puffitsch2016,
  author       = {Wolfgang Puffitsch},
  title        = {{Efficient Worst-Case Execution Time Analysis of Dynamic Branch Prediction}},
  booktitle    = {28th Euromicro Conference on Real-Time Systems, {ECRTS}},
  year         = {2016},
  pages        = {152--162},
}

@InProceedings{Gustavsson2010,
  author       = {Andreas Gustavsson and Andreas Ermedahl and Bj{\"{o}}rn Lisper and Paul Pettersson},
  title        = {{Towards {WCET} Analysis of Multicore Architectures Using {UPPAAL}}},
  booktitle    = {10th International Workshop on Worst-Case Execution Time Analysis, {WCET}},
  year         = {2010},
  pages        = {101--112},
}

@Article{Wilhelm2009,
  author       = {Reinhard Wilhelm and Daniel Grund and Jan Reineke and Marc Schlickling and Markus Pister and Christian Ferdinand},
  title        = {{Memory Hierarchies, Pipelines, and Buses for Future Architectures in Time-Critical Embedded Systems}},
  journal      = {{IEEE} Trans. on {CAD} of Integrated Circuits and Systems},
  year         = {2009},
  volume       = {28},
  number       = {7},
  pages        = {966--978},
}

@Article{Larsen1997,
  author       = {Kim Guldstrand Larsen and Paul Pettersson and Wang Yi},
  title        = {{UPPAAL in a Nutshell}},
  journal      = {STTT},
  year         = {1997},
  volume       = {1},
  number       = {1-2},
  pages        = {134-152},
}

@inproceedings{Gustafsson:WCET2010:Benchmarks,
  author       = {Jan Gustafsson and Adam Betts and Andreas Ermedahl and Bj{\"{o}}rn Lisper},
  booktitle    = {International Workshop on Worst-Case Execution Time Analysis (WCET)},
  title        = {{The {M{\"a}lardalen} {WCET} Benchmarks -- Past, Present and Future}},
  year         = {2010}}

@Comment{jabref-meta: databaseType:bibtex;}
