@inproceedings{CGM15,
  author    = {Franck Cassez and Pablo Gonz{\'a}lez de Aledo Marug{\'a}n},
  booktitle = {Workshop on Models for Formal Analysis of Real Systems},
  title     = {{Timed Automata for Modeling Caches and Pipelines}},
  year      = {2015}}

@inproceedings{Wei81,
  author    = {Weiser, Mark},
  booktitle = {International Conference on Software Engineering},
  title     = {{Program Slicing}},
  year      = {1981}}

@inproceedings{KJL03,
  author    = {Kiss, Akos and J{\'a}sz, Judit and Lehotai, G{\'a}bor and Gyim{\'o}thy, Tibor},
  booktitle = {International Workshop on Source Code Analysis and Manipulation},
  title     = {{Interprocedural Static Slicing of Binary Executables}},
  year      = {2003}}

@article{DJK11,
  author    = {Dezs{\H{o}}, Bal{\'a}zs and J{\"u}ttner, Alp{\'a}r and Kov{\'a}cs, P{\'e}ter},
  journal   = {Electronic Notes in Theoretical Computer Science},
  title     = {{LEMON -- an Open Source C++ Graph Template Library}},
  year      = {2011}}

@inproceedings{CB13,
  author    = {Cassez, Franck and Béchennec, Jean-Luc},
  booktitle = {International Conference on Application of Concurrency to System Design},
  title     = {{Timing Analysis of Binary Programs with UPPAAL}},
  year      = {2013}}

@inproceedings{MBB16,
  author    = {Mangean, Armel and Béchennec, Jean-Luc and Briday, Mikaël and Faucou, Sébastien},
  booktitle = {16th International Workshop on Worst-Case Execution Time Analysis},
  title     = {{BEST: a Binary Executable Slicing Tool}},
  year      = {2016}}

@article{BJ14,
  author    = {Brandner, Florian and Jordan, Alexander},
  journal   = {Computer Languages, Systems {\&} Structures},
  title     = {Refinement of worst-case execution time bounds by graph pruning},
  year      = {2014}}

@inproceedings{BBF06,
  author    = {Béchennec, Jean-Luc and Briday, Mikaël and Faucou, Sébastien and Trinquet, Yvon},
  booktitle = {IEEE International Conference on Emerging Technologies and Factory Automation},
  title     = {{Trampoline An Open Source Implementation of the {OSEK/VDX} {RTOS} Specification}},
  year      = {2006}}
