%% This BibTeX bibliography file was created using BibDesk.
%% http://bibdesk.sourceforge.net/


%% Created for Jean-Luc BÃ©chennec at 2016-04-05 13:51:31 +0200 


%% Saved with string encoding Unicode (UTF-8) 



@inproceedings{DOT10,
	Author = {Dalsgaard, Andreas E. and Olesen, Mads C. and Toft, Martin and Hansen, Ren{\'e} R. and Larsen, Kim G.},
	Booktitle = {10th International Workshop on Worst-Case Execution Time Analysis},
	Title = {{METAMOC: Modular Execution Time Analysis using Model Checking}},
	Year = {2010}}

@inproceedings{CB13,
	Author = {Cassez, Franck and B\'echennec, Jean-Luc},
	Booktitle = {13th International Conference on Application of Concurrency to System Design},
	Date-Modified = {2016-04-05 11:51:29 +0000},
	Title = {{Timing Analysis of Binary Programs with UPPAAL}},
	Year = {2013}}

@inproceedings{Wil04,
	Author = {Wilhelm, Reinhard},
	Booktitle = {5th International Conference on Verification, Model Checking and Abstract Interpretation},
	Title = {{Why AI + ILP is Good for WCET, but MC is not, nor ILP alone}},
	Year = {2004}}

@inproceedings{Wei81,
	Author = {Weiser, Mark},
	Booktitle = {5th International Conference on Software Engineering},
	Title = {{Program Slicing}},
	Year = {1981}}

@article{Tip95,
	Author = {Tip, Frank},
	Journal = {Journal of programming languages},
	Number = {3},
	Pages = {121--189},
	Title = {{A Survey of Program Slicing Techniques}},
	Volume = {3},
	Year = {1995}}

@inproceedings{KJL03,
	Author = {Kiss, Akos and J{\'a}sz, Judit and Lehotai, G{\'a}bor and Gyim{\'o}thy, Tibor},
	Booktitle = {3rd International Workshop on Source Code Analysis and Manipulation},
	Title = {{Interprocedural Static Slicing of Binary Executables}},
	Year = {2003}}

@article{DJK11,
	Author = {Dezs{\H{o}}, Bal{\'a}zs and J{\"u}ttner, Alp{\'a}r and Kov{\'a}cs, P{\'e}ter},
	Journal = {ENTCS},
	Number = {5},
	Pages = {23--45},
	Title = {{LEMON -- an Open Source C++ Graph Template Library}},
	Volume = {264},
	Year = {2011}}

@article{KBB12,
	Author = {Kassem, Rola and Briday, Mika{\"e}l and B{\'e}chennec, Jean-Luc and Savaton, Guillaume and Trinquet, Yvon},
	Journal = {JSA},
	Number = {8},
	Pages = {318-337},
	Title = {Harmless, a Hardware Architecture Description Language Dedicated to Real-Time Embedded System Simulation},
	Volume = {58},
	Year = {2012}}

@article{LPY97,
	Author = {Larsen, Kim G. and Pettersson, Paul and Yi, Wang},
	Journal = {STTT},
	Number = {1-2},
	Pages = {134-152},
	Title = {{UPPAAL in a Nutshell}},
	Volume = {1},
	Year = {1997}}
